<record><leader>00000cas a22000007a 4500</leader><controlfield tag="001">20269564</controlfield><controlfield tag="008">890828u1931uuuumiumr ne      0    0bul d</controlfield><datafield ind1=" " ind2=" " tag="010"><subfield code="a">sn 89070124 </subfield></datafield><datafield ind1=" " ind2=" " tag="040"><subfield code="a">YOX</subfield><subfield code="b">eng</subfield><subfield code="c">YOX</subfield><subfield code="d">OCLCQ</subfield><subfield code="d">OCLCF</subfield><subfield code="d">OCLCO</subfield><subfield code="d">OCLCQ</subfield></datafield><datafield ind1="0" ind2=" " tag="041"><subfield code="a">bul</subfield><subfield code="a">eng</subfield></datafield><datafield ind1=" " ind2=" " tag="042"><subfield code="a">msc</subfield></datafield><datafield ind1=" " ind2=" " tag="043"><subfield code="a">n-us---</subfield></datafield><datafield ind1="0" ind2="0" tag="245"><subfield code="a">Balkansko sdruzhenie =</subfield><subfield code="b">Balkan unification.</subfield></datafield><datafield ind1="3" ind2="1" tag="246"><subfield code="a">Balkan unification</subfield></datafield><datafield ind1=" " ind2=" " tag="260"><subfield code="a">Detroit, Mich. :</subfield><subfield code="b">[publisher not identified]</subfield></datafield><datafield ind1=" " ind2=" " tag="300"><subfield code="a">volumes</subfield></datafield><datafield ind1=" " ind2=" " tag="310"><subfield code="a">Monthly</subfield></datafield><datafield ind1=" " ind2=" " tag="336"><subfield code="a">text</subfield><subfield code="b">txt</subfield><subfield code="2">rdacontent</subfield></datafield><datafield ind1=" " ind2=" " tag="337"><subfield code="a">unmediated</subfield><subfield code="b">n</subfield><subfield code="2">rdamedia</subfield></datafield><datafield ind1=" " ind2=" " tag="338"><subfield code="a">volume</subfield><subfield code="b">nc</subfield><subfield code="2">rdacarrier</subfield></datafield><datafield ind1="0" ind2=" " tag="362"><subfield code="a">God 1, br. 1 (June, 1931)-</subfield></datafield><datafield ind1=" " ind2=" " tag="530"><subfield code="a">Available on microfilm from the New York Public Library.</subfield></datafield><datafield ind1=" " ind2=" " tag="546"><subfield code="a">In Bulgarian with articles in English.</subfield></datafield><datafield ind1=" " ind2=" " tag="550"><subfield code="a">"Mesechen organ na makedonskii&#65056;a&#65057; naroden su&#774;i&#65056;u&#65057;z v Amerika."</subfield></datafield><datafield ind1=" " ind2="0" tag="650"><subfield code="a">Macedonians</subfield><subfield code="z">United States</subfield><subfield code="v">Newspapers.</subfield></datafield><datafield ind1=" " ind2="0" tag="650"><subfield code="a">Macedonian Americans</subfield><subfield code="v">Newspapers.</subfield></datafield><datafield ind1=" " ind2="0" tag="650"><subfield code="a">Bulgarians</subfield><subfield code="z">United States</subfield><subfield code="v">Newspapers.</subfield></datafield><datafield ind1=" " ind2="0" tag="650"><subfield code="a">Bulgarian Americans</subfield><subfield code="v">Newspapers.</subfield></datafield><datafield ind1=" " ind2="7" tag="650"><subfield code="a">Bulgarian Americans.</subfield><subfield code="2">fast</subfield><subfield code="0">(OCoLC)fst00841238</subfield></datafield><datafield ind1=" " ind2="7" tag="650"><subfield code="a">Bulgarians.</subfield><subfield code="2">fast</subfield><subfield code="0">(OCoLC)fst00841374</subfield></datafield><datafield ind1=" " ind2="7" tag="650"><subfield code="a">Macedonian Americans.</subfield><subfield code="2">fast</subfield><subfield code="0">(OCoLC)fst01004683</subfield></datafield><datafield ind1=" " ind2="7" tag="650"><subfield code="a">Macedonians.</subfield><subfield code="2">fast</subfield><subfield code="0">(OCoLC)fst01004739</subfield></datafield><datafield ind1=" " ind2="7" tag="651"><subfield code="a">United States.</subfield><subfield code="2">fast</subfield><subfield code="0">(OCoLC)fst01204155</subfield></datafield><datafield ind1=" " ind2="7" tag="655"><subfield code="a">Newspapers.</subfield><subfield code="2">fast</subfield><subfield code="0">(OCoLC)fst01423814</subfield></datafield><datafield ind1="2" ind2=" " tag="710"><subfield code="a">Makedonski naroden su&#774;i&#65056;u&#65057;z v Amerika.</subfield></datafield><datafield ind1=" " ind2=" " tag="752"><subfield code="a">United States</subfield><subfield code="b">Michigan</subfield><subfield code="c">Wayne</subfield><subfield code="d">Detroit.</subfield></datafield></record>